% This file was created with JabRef 2.4.
% Encoding: Cp1252

@STRING{LICS = {Logic in Computer Science}}

@INPROCEEDINGS{Hanus:Ganzinger13,
  author = {Hanus, Michael},
  title = {Functional Logic Programming: From Theory to {Curry}},
  booktitle = {Programming Logics -- Essays in Memory of Harald Ganzinger},
  year = {2013},
  volume = {7797},
  series = {LNCS},
  pages = {123--168},
  publisher = {Springer},
  timestamp = {2013.09.24}
}

@INPROCEEDINGS{Simmons-Zerny:LICS13,
  author = {Simmons, Robert J. and Zerny, Ian},
  title = {A Logical Correspondence between Natural Semantics and Abstract Machines},
  booktitle = {Proceedings of the 28th Annual {ACM}/{IEEE} Symposium on Logic in
	Computer Science},
  year = {2013},
  timestamp = {2013.09.23}
}

@comment{jabref-meta: selector_publisher:}

@comment{jabref-meta: selector_author:}

@comment{jabref-meta: selector_journal:}

@comment{jabref-meta: selector_keywords:}

